@article{huo2024collusion,
  title={The Collusion of Memory and Nonlinearity in Stochastic Approximation With Constant Stepsize},
  author={Huo, Dongyan and Zhang, Yixuan and Chen, Yudong and Xie, Qiaomin},
  journal={arXiv preprint arXiv:2405.16732},
  year={2024}
}

@article{fort2015central,
  title={Central limit theorems for stochastic approximation with controlled Markov chain dynamics},
  author={Fort, Gersende},
  journal={ESAIM: Probability and Statistics},
  volume={19},
  pages={60--80},
  year={2015},
  publisher={EDP Sciences}
}

@book{villani2009optimal,
  title={Optimal transport: old and new},
  author={Villani, C{\'e}dric and others},
  volume={338},
  year={2009},
  publisher={Springer}
}

@inproceedings{karimi2019non,
  title={Non-asymptotic analysis of biased stochastic approximation scheme},
  author={Karimi, Belhal and Miasojedow, Blazej and Moulines, Eric and Wai, Hoi-To},
  booktitle={Conference on Learning Theory},
  pages={1944--1974},
  year={2019},
  organization={PMLR}
}